%% This BibTeX bibliography file was created using BibDesk.
%% http://bibdesk.sourceforge.net/


%% Created for Lauro Cesar Araujo at 2015-04-27 19:43:45 -0300 


%% Saved with string encoding Unicode (UTF-8) 


%[4] SAUER, PETER; PAI, M.A. Power System Dynamics and Stability, primeira edição.  Editora Prentice Hall, 1998.

@book{Tyrtyshnikov,
	Address = {Moscou},
	Author = {Eugene E. Tyrtyshnikov},
	Edition = {1},
	Publisher = {Springer Science and Business},
	Title = {A Brief Introduction to Numerical Analysis},
	Year = {1997}}


@phdthesis{phdHopf,
	Address = {Maryland},
	Author = {H. Wang},
	Date-Added = {2012-04-23 11:35:28 +0000},
	Date-Modified = {2012-04-23 11:35:28 +0000},
	School = {Institute for Systems Research},
	Title = {Control of Bifurcations and Routes to Chaos in Dynamical Systems},
	Url = {http://drum.lib.umd.edu/bitstream/handle/1903/5446/PhD_93-10.pdf?sequence=1&isAllowed=y},
	Urlaccessdate = {6 ago. 2017},
	Year = {1993},
	Bdsk-Url-1 = {http://www.loa.istc.cnr.it/Guizzardi/SELMAS-CR.pdf}}

@article{concordia,
	Author = {Francisco Demello and Charles Concordia},
	Journal = {IEEE Transactions on Power Apparatus and Systems},
	Number = {4},
	Pages = {316},
	Title = {Concepts of Synchronous Machine Stability as Affected by Excitation Control},
	Volume = {PAS-88},
	Year = {1969}}
	
@article{artigoDoLFComOChines,
	Author = {Hsiao-Dong Chiang and Luís Fernando Costa Alberto},
	Journal = {IEEE Transactions on Automatic Control},
	Number = {6},
	Pages = {1564},
	Title = {Characterization of Stability Region for General Autonomous Nonlinear Dynamical Systems},
	Volume = {57},
	Year = {2012}}
	
@article{artigoDoChines,
	Author = {Hsiao-Dong Chiang and Morris W. Hirsch and Felix F. Wu},
	Journal = {IEEE Transactions on Automatic Control},
	Number = {1},
	Pages = {16},
	Title = {Stability Regions of Nonlinear Autonomous Dynamical Systems},
	Volume = {33},
	Year = {1988}}	
	
@article{artigoDosTunisianos,
	Author = {Faiçal Hamidi and Houssem Jerbi},
	Journal = {International Conference on Computational Intelligence, Modelling and Simulation},
	Pages = {87},
	Title = {A Synthesis on Lyapunov Methods to the Estimation and Enlargement of Attraction Domain for Nonlinear Autonomous Systems},
	Volume = {1},
	Year = {2009}}			
	
@article{hassan,
	Author = {Hassan K. Khalil},
	Journal = {International Conference on Control, Automation and Systems 2008},
	Title = {High-Gain Observers in Nonlinear Feedback Control},
	Volume = {1},
	Year = {2008}}

@article{artigo1,
	Author = {Y. Gao and  k.T.Chau},
	Journal = {IEEE Transactions on Energy Conversion},
	Number = {4},
	Pages = {296},
	Title = {Hopf Bifurcation and Chaos in Synchronous Reluctance Motor Drives},
	Volume = {1},
	Year = {2004}}
	
@article{artigo2,
	Author = {Zhong Li and Jin Bae Park and Young Hoon Joo and Bo Zhang and Guanrong Chen},
	Journal = {IEEE Transactions on Circuits and Systems},
	Number = {3},
	Pages = {383},
	Title = {Bifurcations and Chaos in a Permanent-Magnet Synchronous Motor},
	Volume = {3},
	Year = {2002}}	

@book{livroTowardAnalyticalChaos,
	Address = {West Sussex},
	Author = {Albert C. J. Luo},
	Edition = {1},
	Publisher = {Wiley and Sons},
	Title = {Toward Analytical Chaos in Nonlinear Systems },
	Year = {2014}}	

@book{livroDoLFComOChines,
	Address = {Cambridge},
	Author = {Hsiao-Dong Chiang and Luís Fernando C. Alberto},
	Edition = {1},
	Publisher = {Cambridge University Press},
	Title = {Stability Regions of Nonlinear Dynamical Systems},
	Year = {2015}}

@book{livroNonlinearChaos,
	Address = {Nova Iorque},
	Author = {Steven H. Strogatz},
	Edition = {1},
	Publisher = {The Perseus Books Group},
	Title = {Nonlinear Dynamics and Chaos },
	Year = {2014}}	
	
@book{livroDoLFComOBretas,
	Address = {São Carlos},
	Author = {Newton G. Bretas and Luis F. C. Alberto},
	Edition = {1},
	Publisher = {Editora da Escola de Engenharia de São Carlos},
	Title = {Estabilidade Transitória em Sistemas Eletroenergéticos},
	Year = {2000}}

@book{livroDoLfComORodrigoEOBretas,
	Address = {São Carlos},
	Author = {Luís Fernando Carlos Alberto and Rodrigo Andrade Ramos and Newton Geraldo Bretas},
	Edition = {1},
	Publisher = {Editora da Escola de Engenharia de São Carlos},
	Title = {Modelagem de Máquinas Síncronas Aplicada ao Estudo de Estabilidade de Sistemas Elétricos de Potência },
	Year = {2000}}
					
@book{kundur,
	Address = {New York},
	Author = {Prabha Kundur},
	Edition = {1},
	Publisher = {Editora McGraw-Hill Inc},
	Title = {Power System Stability and Control},
	Year = {1994}}
	
@manual{ieeeStd1110,
	Address = {New York},
	Month = {nov.},
	Org-Short = {IEEE},
	Organization = {Institute of Electronical and Eletrical Engineers},
	Pages = 95,
	Subtitle = {IEEE 1110-2002},
	Title = {IEEE Guide for Synchronous Generator Modeling Practices and Applications in Power System Stability Analyses},
	Year = 2002}
	
@manual{ieeeStd4215,
	Address = {New York},
	Month = {apr.},
	Org-Short = {IEEE},
	Organization = {Institute of Electronical and Eletrical Engineers},
	Pages = 95,
	Subtitle = {IEEE 421.5-2005},
	Title = {IEEE Recommended Practice for Excitation System Models for Power System Stability Studies},
	Year = 2005}}

@book{elon1,
	Address = {Rio de Janeiro},
	Author = {Elon Lages Lima},
	Edition = {1},
	Publisher = {CNPq},
	Title = {Curso de Análise Real, volumes 1 e 2.},
	Year = {1981}}

@book{elon2,
	Address = {Rio de Janeiro},
	Author = {Elon Lages Lima},
	Edition = {1},
	Publisher = {IMPA},
	Title = {Análise real, volumes 1 a 3.},
	Year = {2017}}

@book{elon3,
	Address = {Rio de Janeiro},
	Author = {Elon Lages Lima},
	Edition = {1},
	Publisher = {IMPA},
	Title = {Análise do Espaço Rn.},
	Year = {2016}}
